@manual{MPEC,
  author = "Gerardo Bandera Burgueño, Maria Ángeles González Navarro,
            Eladio D. Gutiérrez Carrasco, Julián Ramos Cózar,
            Sergio Romero Montiel, Maria Antonia Trenas Castro, Julio Villalba Moreno",
  title  = "Prácticas de Estructura de Computadores",
  organization = "Universidad de Málaga",
  year = "2002"
}

@misc{TASM,
  author = {rferrer de THINK IN GEEK},
  title = {Tutorial de ASM para Raspberry Pi},
  howpublished = "\url{http://thinkingeek.com/2013/01/09/arm-assembler-raspberry-pi-chapter-1/}",
  year = {2013-2014}
}

@misc{DWEL,
  author = {David Welch},
  title = {Repositorio de David Welch},
  howpublished = "\url{https://github.com/dwelch67/raspberrypi}",
  year = {2012-2014}
}

@misc{ARMP,
  author = {Broadcom Corporation},
  title = {BCM2835 ARM Peripherals},
  howpublished = "\url{http://www.raspberrypi.org/wp-content/uploads/2012/02/BCM2835-ARM-Peripherals.pdf}",
  year = {2012}
}

@misc{ATRM,
  author = {ARM Limited},
  title = {BCM2835 ARM Peripherals},
  howpublished = "\url{http://infocenter.arm.com/help/topic/com.arm.doc.ddi0301h/DDI0301H_arm1176jzfs_r0p7_trm.pdf}",
  year = {2004-2009}
}

@misc{BKPI,
  author = {Alex Chadwick},
  title = {Baking Pi - Desarrollo de sistemas operativos},
  howpublished = "\url{http://www.cl.cam.ac.uk/projects/raspberrypi/tutorials/os/index.html}",
  year = {2013}
}

@misc{QEMU,
  title = {QEMU - Emulating Raspberry Pi the easy way (Linux or Windows!)},
  howpublished = "\url{http://xecdesign.com/qemu-emulating-raspberry-pi-the-easy-way}",
  year = {2012}
}

@misc{DGDB,
  title = {Documentación GDB},
  howpublished = "\url{https://sourceware.org/gdb/current/onlinedocs/gdb/}",
  year = {1998-2014}
}

@misc{GPIO,
  author = {Embedded Linux Wiki},
  title = {GPIO y otros periféricos a bajo nivel},
  howpublished = "\url{http://elinux.org/RPi_Low-level_peripherals}",
  year = {2012-2014}
}

@misc{DATH,
  author = {David Thomas},
  title = {Introducción al ARM},
  howpublished = "\url{http://thinkingeek.com/2013/01/09/arm-assembler-raspberry-pi-chapter-1/}",
  year = {2012}
}

@misc{PLAT,
  author = {Ignacio Moreno Doblas},
  title = {Plantilla de PFC/TFG/TFM en latex},
  year = {2014}
}
